<?xml version="1.0" encoding="UTF-8"?><collection xmlns="http://www.loc.gov/MARC21/slim"><record><leader>00478nam--2200169-i-4500</leader><controlfield tag="001">000045815</controlfield><controlfield tag="002">20161230</controlfield><controlfield tag="005">20161230201045</controlfield><controlfield tag="008">060222s1000------------r-----000-0-rum-d</controlfield><datafield ind1=" " ind2=" " tag="040"><subfield code="a">IFIN-HH</subfield></datafield><datafield ind1=" " ind2=" " tag="041"><subfield code="a">rum</subfield></datafield><datafield ind1="1" ind2=" " tag="100"><subfield code="a">Vainstok, I.S</subfield></datafield><datafield ind1="1" ind2="0" tag="245"><subfield code="a">Ultrasunete si utilizarea lor in constructia de masini</subfield><subfield code="b">Traducere din limba rusa</subfield><subfield code="c">I.s. vainstok</subfield></datafield><datafield ind1=" " ind2=" " tag="260"><subfield code="a">Bucuresti, Editura Tehnica, 1959,</subfield></datafield><datafield ind1=" " ind2=" " tag="300"><subfield code="a">151P., 94FIG</subfield></datafield><datafield ind1=" " ind2=" " tag="852"><subfield code="a">6359</subfield><subfield code="c">534</subfield></datafield><datafield ind1=" " ind2=" " tag="CAT"><subfield code="a">Sys</subfield><subfield code="c">20101005</subfield><subfield code="h">155609</subfield></datafield></record></collection>